@ONLINE{WALMART,
	AUTHOR = "Walmart",
	TITLE = {Grab And Go},
	YEAR = 2016,
	URL = {http://www.walmart.ca/en/help/checkout/grab-and-go},
	URLDATE = {2016-08-19}
}