@ONLINE{CURRENTDANGER,
	AUTHOR = "Tony R. Kuphaldt",
	TITLE = {Chapter 3 - Electrical Safety},
	URL = {https://www.allaboutcircuits.com/textbook/direct-current/chpt-3/ohms-law-again/},
	URLDATE = {2017-03-07}
}

@ONLINE{DRAWERLOCKSPECS,
	AUTHOR = "ATOPLEE",
	TITLE = {Atoplee Door Drawer Tongue Down Electric Lock Assembly Solenoid DC 12V Slim Design Lock (27*29*18mm)},
	URL = {https://www.amazon.ca/dp/B01FH6IWBA/},
	URLDATE = {2017-01-06}
}

@ONLINE{RELAYCIRCUIT,
    AUTHOR = "LC Circuits",
    TITLE = {Relay Module},
    URL = {http://elecfreaks.com/store/download/datasheet/breakout/Relay/Relay.pdf},
    URLDATE = {2016-10-19}
}

@ONLINE{JSONREF,
	AUTHOR = "ECMA International",
	TITLE = {Final draft of the TC39 “The JSON Data Interchange Format” standard},
	URL = {http://www.ecma-international.org/publications/files/ECMA-ST/ECMA-404.pdf},
	URLDATE = {2017-03-09}
}

@ONLINE{AMAZONWEBSERVICES,
	AUTHOR = "Amazon",
	TITLE = {What is AWS? - Amazon Web Services},
	URL = {https://aws.amazon.com/what-is-aws/},
	URLDATE = {2017-03-09}
}

@ONLINE{RESTARCHSTYLE,
	AUTHOR = "Roy T. Fielding",
	TITLE = {Fielding Dissertation: CHAPTER 5: Representational State Transfer (REST)},
	URL = {http://www.ics.uci.edu/~fielding/pubs/dissertation/rest_arch_style.htm},
	URLDATE = {2017-03-09}
}
